%%
% The BIThesis Template for Undergraduate Proposal Report
%
% 北京理工大学毕业设计开题报告 —— 使用 XeLaTeX 编译
%
% Copyright 2020-2022 BITNP
%
% This work may be distributed and/or modified under the
% conditions of the LaTeX Project Public License, either version 1.3
% of this license or (at your option) any later version.
% The latest version of this license is in
%   http://www.latex-project.org/lppl.txt
% and version 1.3 or later is part of all distributions of LaTeX
% version 2005/12/01 or later.
%
% This work has the LPPL maintenance status `maintained'.
%
% The Current Maintainer of this work is Feng Kaiyu.
%
% This work consists of the files main.tex, misc/cover.tex and
% the external PDF misc/reviewTable.pdf
%
% Compile with: xelatex -> biber -> xelatex -> xelatex
%%

@article{LeCun2010,
  abstract = {The MNIST database of handwritten digits, available from this page, has a training set of 60,000 examples, and a test set of 10,000 examples. It is a subset of a larger set available from NIST. The digits have been size-normalized and centered in a fixed-size image.},
  author   = {LeCun, Yann and Cortes, Corinna},
  journal  = {AT{\&}T Labs [Online]. Available: http://yann. lecun. com/exdb/mnist},
  title    = {{MNIST handwritten digit database}},
  year     = {2010}
}
